@book{strang2006linear,
  address = {Belmont, CA},
  author = {Strang, Gilbert},
  publisher = {Thomson, Brooks/Cole},
  title = {Linear algebra and its applications},
  year = 2006
}